@online{technical_indicator,
    author = "James Chen",
    title = "Technical Indicator",
    url = "https://www.investopedia.com/terms/t/technicalindicator.asp#:~:text=What%20Is%20a%20Technical%20Indicator,to%20predict%20future%20price%20movements.",
    addendum = "(accessed: 02.10.2022)",
    keywords = "techincal indicator"
}

@online{rsi,
    author = "Jason Fernado",
    title = "Relative Strength Index (RSI) Indicator Explained With Formula",
    url = "https://www.investopedia.com/terms/r/rsi.asp",
    addendum = "(accessed: 02.10.2022)",
    keywords = "techincal indicator, rsi"
}

@online{bb,
    author = "Adam Hayes",
    title = "Bollinger BandsÂ®: Calculations and Indications",
    url = "https://www.investopedia.com/terms/b/bollingerbands.asp",
    addendum = "(accessed: 09.10.2022)",
    ketwords = "techincal indicator, bollingerbands"
}